%%% CEED Website

@misc{ceed,
  note    = {\url{ceed.exascaleproject.org}},
  key     = {CEED},
  title   = {{C}enter for {E}fficient {E}xascale {D}iscretizations, {E}xascale {C}omputing {P}roject, {DOE}}
}

%%% CEED Papers

@article{ceed_bp_paper_2020,
  author       = {Paul Fischer and Misun Min and Thilina Rathnayake and Som Dutta and Tzanio Kolev and Veselin Dobrev and Jean-Sylvain Camier and Martin Kronbichler and Tim Warburton and Kasia Swirydowicz and Jed Brown},
  doi          = {{10.1177/1094342020915762}},
  journal      = {Int. J. HPC App.},
  number       = {5},
  pages        = {562-586},
  title        = {Scalability of high-performance {PDE} solvers},
  volume       = {34},
  year         = {2020}
}

@inproceedings{libceed-paper-proc-scipy-2020,
  author    = {Valeria Barra and Jed Brown and Jeremy Thompson and Yohann Dudouit},
  booktitle = {{P}roceedings of the 19th {P}ython in {S}cience {C}onference},
  doi       = {10.25080/Majora-342d178e-00c},
  editor    = {{M}eghann {A}garwal and {C}hris {C}alloway and {D}illon {N}iederhut and {D}avid {S}hupe},
  pages     = {85-90},
  title     = {{H}igh-performance operator evaluations with ease of use: lib{C}{E}{E}{D}'s {P}ython interface},
  url       = {doi.org/10.25080/Majora-342d178e-00c},
  year      = {2020},
}

@article{ceed_ecp_special_2020,
  author       = {Tzanio Kolev and Paul Fischer and Misun Min and Jack Dongarra and Jed Brown and Veselin Dobrev and Tim Warburton and Stanimire Tomov and Mark S. Shephard and Ahmad Abdelfattah and Valeria Barra and Natalie Beams and Jean-Sylvain Camier and Noel Chalmers and Yohann Dudouit and Ali Karakus and Ian Karlin and Stefan Kerkemeier and Yu-Hsiang Lan and David Medina and Elia Merzari and Aleksandr Obabko and Will Pazner and Thilina Rathnayake and Cameron W. Smith and Lukas Spies and Kasia Swirydowicz and Jeremy Thompson and Ananias Tomboulides and Vladimir Tomov},
  title        = {Efficient Exascale Discretizations},
  journal      = {Int. J. HPC App.},
  note         = {in review},
  year         = {2020},
}

%%% CEED Milestone Reports

@techreport{ceed-ms34,
  institution = {Exascale Computing Project},
  author      = {Tzanio Kolev and Paul Fischer and Ahmad Abdelfattah and Shreyas Ananthan and Valeria Barra and Natalie Beams and Ryan Bleile and Jed Brown and Robert Carson and Jean-Sylvain Camier and Matthew Churchfield and Veselin Dobrev and Jack Dongarra and Yohann Dudouit and Ali Karakus and Stefan Kerkemeier and YuHsiang Lan and David Medina and Elia Merzari and Misun Min and Scott Parker and Thilina Ratnayaka and Cameron Smith and Michael Sprague and Thomas Stitt and Jeremy Thompson and Ananias Tomboulides and Stanimire Tomov and Vladimir Tomov and Arturo Vargas and Tim Warburton and Kenneth Weiss},
  month       = {March},
  number      = {CEED-MS34},
  key         = {WBS 2.2.6.06},
  doi         = {10.5281/zenodo.3860804},
  title       = {{Improve performance and capabilities of CEED-enabled ECP applications on Summit/Sierra}},
  year        = {2020},
}

@techreport{ceed-ms32,
  institution = {Exascale Computing Project},
  author      = {Stanimire Tomov and Ahmad Abdelfattah and Valeria Barra and Natalie Beams and Jed Brown and Jean-Sylvain Camier and Veselin Dobrev and Jack Dongarra and Yohann Dudouit and Paul Fischer and Ali Karakus and Stefan Kerkemeier and Tzanio Kolev and YuHsiang Lan and Elia Merzari and Misun Min and Aleks Obabko and Scott Parker and Thilina Ratnayaka and Jeremy Thompson and Ananias Tomboulides and Vladimir Tomov and Tim Warburton},
  month       = {September},
  number      = {CEED-MS32},
  key         = {WBS 2.2.6.06},
  doi         = {10.5281/zenodo.3477618},
  title       = {{Performance tuning of CEED software and 1st and 2nd wave apps}},
  year        = {2019},
}

@techreport{ceed-ms29,
  institution = {Exascale Computing Project},
  author      = {Mark Shephard and Valeria Barra and Jed Brown and Jean-Sylvain Camier and Yohann Dudouit and Paul Fischer and Tzanio Kolev and David Medina and Misun Min and Cameron Smith and Morteza H. Siboni and Jeremy Thompson and Tim Warburton},
  month       = {June},
  number      = {CEED-MS29},
  key         = {WBS 2.2.6.06},
  doi         = {10.5281/zenodo.3336420},
  title       = {{Improved Support for Parallel Adaptive Simulation in CEED}},
  year        = {2019},
}

@techreport{ceed-ms25,
  institution = {Exascale Computing Project},
  author      = {Mark Shephard and Valeria Barra and Jed Brown and Jean-Sylvain Camier and Yohann Dudouit and Paul Fischer and Tzanio Kolev and David Medina and Misun Min and Cameron Smith and Morteza H. Siboni and Jeremy Thompson and Tim Warburton},
  month       = {June},
  number      = {CEED-MS29},
  key         = {WBS 2.2.6.06},
  doi         = {10.5281/zenodo.2641316},
  title       = {{Public release of CEED 2.0}},
  year        = {2019},
}

@techreport{ceed-ms23,
  institution = {Exascale Computing Project},
  author      = {Misun Min and Jean-Sylvain Camier and Paul Fischer and Ali Karakus and Stefan Kerkemeier and Tzanio Kolev and YuHsiang Lan and David Medina and Elia Merzari and Aleks Obabko and Thilina Ratnayaka and Shaver Dillon and Ananias Tomboulides and Vladimir Tomov and Tim Warburton},
  month       = {December},
  number      = {CEED-MS23},
  key         = {WBS 2.2.6.06},
  doi         = {10.5281/zenodo.2542359},
  title       = {{Engage second wave ECP/CEED applications}},
  year        = {2019},
}

@techreport{ceed-ms20,
  institution = {Exascale Computing Project},
  author      = {Stanimire Tomov and Pedro Bello-Maldonado and Jed Brown and Jean-Sylvain Camier and Veselin Dobrev and Jack Dongarra and Paul Fischer and Azzam Haidar and Tzanio Kolev and Elia Merzari and Misun Min and Aleks Obabko and Scott Parker and Thilina Ratnayaka and Jeremy Thompson and Ahmad Abdelfattah and Vladimir Tomov and Tim Warburton},
  month       = {September},
  number      = {CEED-MS20},
  key         = {WBS 2.2.6.06},
  doi         = {10.5281/zenodo.2542350},
  title       = {{Performance tuning of CEED software and first wave apps}},
  year        = {2018},
}

@techreport{ceed-ms18,
  institution = {Exascale Computing Project},
  author      = {Jed Brown and Veselin Dobrev and Som Dutta and Paul Fischer and Kamran Kazem and Tzanio Kolev and David Medina and Misun Min and Thilina Ratnayaka and Mark Shephard and Smith Cameron and Jeremy Thompson},
  month       = {March},
  number      = {CEED-MS18},
  key         = {WBS 2.2.6.06},
  doi         = {10.5281/zenodo.2542346},
  title       = {{Propose high-order mesh/data format}},
  year        = {2018},
}

@techreport{ceed-ms13,
  institution = {Exascale Computing Project},
  author  = {Jed Brown and Ahmad Abdelfattah and Jean-Sylvain Camier and Veselin Dobrev and Jack Dongarra and Paul Fischer and Aaron Fisher and Yohann Dudouit and Azzam Haidar and Kazem Kamran and Tzanio Kolev and Misun Min and Thilina Ratnayaka and Mark Shephard and Smith Cameron and Stanimire Tomov and Vladimir Tomov and Tim Warburton},
  month       = {March},
  number      = {CEED-MS13},
  key         = {WBS 2.2.6.06},
  doi         = {10.5281/zenodo.2542343},
  title       = {{Public release of CEED 1.0}},
  year        = {2018},
}

@techreport{ceed-ms10,
  institution = {Exascale Computing Project},
  author      = {Jed Brown and Jean-Sylvain Camier and Veselin Dobrev and Paul Fischer and Tzanio Kolev and Thilina Ratnayaka and Mark Shephard and Jeremy Thompson and Vladimir Tomov},
  month       = {December},
  number      = {CEED-MS10},
  key         = {WBS 2.2.6.06},
  doi         = {10.5281/zenodo.2542340},
  title       = {{Initial Integration of CEED Software in ECP/CEED Applications}},
  year        = {2017},
}

@techreport{ceed-ms8,
  institution = {Exascale Computing Project},
  author      = {Jed Brown and Veselin Dobrev and Paul Fischer and Tzanio Kolev and David Medina and Elia Merzari and Aleks Obabko and Scott Parker and Ron Rahaman and Stanimire Tomov and Vladimir Tomov and Tim Warburton},
  month       = {September},
  number      = {CEED-MS8},
  key         = {WBS 2.2.6.06},
  doi         = {10.5281/zenodo.2542338},
  title       = {{Initial Integration of CEED Software in ECP/CEED Applications}},
  year        = {2017},
}

@techreport{ceed-ms6,
  institution = {Exascale Computing Project},
  author      = {Veselin Dobrev and Jack Dongarra and Jed Brown and Paul Fischer and Azzam Haidar and Ian Karlin and Tzanio Kolev and Misun Min and Tim Warburton and Thilina Ratnayaka and Stanimire Tomov and Vladimir Tomov},
  month       = {June},
  number      = {CEED-MS6},
  key         = {WBS 2.2.6.06},
  doi         = {10.5281/zenodo.2542333},
  title       = {{Identify initial kernels, bake-off benchmark problems and miniapps}},
  year        = {2017},
}

@techreport{ceed-ms1,
  institution = {Exascale Computing Project},
  author      = {Misun Min and Paul Fischer and Vladimir Tomov and Robert Rieben and Tzanio Kolev},
  month       = {March},
  number      = {CEED-MS1},
  key         = {WBS 2.2.6.06},
  doi         = {10.5281/zenodo.2542292},
  title       = {{Engage First wave ECP/CEED Applications}},
  year        = {2017},
}

%%% CEED Software

@misc{fms,
  howpublished = {\url{github.com/CEED/FMS}},
  key          = {FMS},
  title        = {{FMS}: High-order Field and Mesh Specification},
  year         = {2020},
}

@misc{laghos,
  howpublished = {\url{github.com/ceed/Laghos}},
  key          = {Laghos},
  title        = {{Laghos}: High-order {L}agrangian Hydrodynamics Miniapp},
  year         = {2020},
}

@misc{libceed-user-manual,
  author       = {Abdelfattah, Ahmad and
                  Barra, Valeria and
                  Beams, Natalie and
                  Brown, Jed and
                  Camier, Jean-Sylvain and
                  Dobrev, Veselin and
                  Dudouit, Yohann and
                  Ghaffari, Leila and
                  Kolev, Tzanio and
                  Medina, David and
                  Rathnayake, Thilina and
                  Thompson, Jeremy L and
                  Tomov, Stanimire},
  title        = {lib{CEED} {U}ser {M}anual},
  month        = sep,
  year         = 2020,
  publisher    = {Zenodo},
  version      = {0.7},
  doi          = {10.5281/zenodo.4302737},
  url          = {https://doi.org/10.5281/zenodo.4302737}
}

@misc{ChalmersKarakusAustinSwirydowiczWarburton2020,
  author = {Chalmers, N. and Karakus, A. and Austin, A. P. and Swirydowicz, K. and Warburton, T.},
  doi    = {10.5281/zenodo.4004744},
  title  = {{libParanumal}: a performance portable high-order finite element library},
  url    = {github.com/paranumal/libparanumal},
  year   = {2020},
}

@misc{ChalmersKarakusAustinSwirydowiczWarburton2020_2,
  author = {Warburton, T. and et.al.},
  doi    = {10.5281/zenodo.4004744},
  title  = {{libParanumal}: a performance portable high-order finite element library},
  url    = {github.com/paranumal/libparanumal},
  year   = {2020},
}

@misc{magma,
  howpublished = {\url{icl.utk.edu/magma}},
  key          = {MAGMA},
  title        = {{MAGMA}: Matrix Algebra on GPU and Multicore Architectures},
}

@article{mfem,
  author       = {R. Anderson and J. Andrej and A. Barker and J. Bramwell and J.-S. Camier and J. Cerveny V. Dobrev and Y. Dudouit and A. Fisher and Tz. Kolev and W. Pazner and M. Stowell and V. Tomov and I. Akkerman and J. Dahm and D. Medina and S. Zampini},
  doi          = {10.1016/j.camwa.2020.06.009},
  journal      = {Computers \& Mathematics with Applications},
  publisher    = {Elsevier},
  title        = {{MFEM}: A Modular Finite Element Library},
  year         = {2020},
}

@misc{mfem-web,
  doi          = {10.11578/dc.20171025.1248},
  howpublished = {\url{mfem.org}},
  key          = {MFEM},
  title        = {{MFEM}: Modular Finite Element Methods},
  year         = {2020},
}

@misc{nek,
key   = {Nek5000},
title = "{Nek}: Open source, highly scalable and portable spectral element code",
howpublished = "{\url{nek5000.mcs.anl.gov}}",
year = {2020},
}

@misc{nekcem,
key   = {NekCEM},
title = "{NekCEM}: Scalable high-order computational electromagnetic code",
howpublished = "{\url{github.com/NekCEM/NekCEM}}",
year = {2020},
}


@unpublished{nekrs2020,
  author  = {Paul Fischer and Stefan Kerkemeier and Misun Min and Yu-Hsiang Lan and Malachi Phillips and Thilina Rathnayake and Ananias Tomboulides and Ali Karakus and Noel Chalmers and Tim Warburton},
  title   = {{NekRS}, a {GPU}-Accelerated Spectral-Element {N}avier-{S}tokes Solver},
  journal = {Parallel Computing},
  note    = {submitted},
  year    = {2020},
}

@article{occa,
  author       = {Medina, David S and St-Cyr, Amik and Warburton, Tim},
  journal      = {arXiv preprint arXiv:1403.0968},
  title        = {{OCCA: A} unified approach to multi-threading languages},
  year         = {2014},
}

@misc{occa-web,
  howpublished = {\url{libocca.org}},
  key          = {OCCA},
  title        = {{OCCA}: Lightweight Performance Portability Library},
  year         = {2020},
}

@techreport{petsc,
author = {S. Balay and S. Abhyankar and M. F. Adams and J. Brown and P. Brune and K. Buschelman and V. Eijkhout and W. D. Gropp and D. Kaushik and M. G. Knepley and L. Curfman McInnes and K. Rupp and B. F. Smith and S. Zampini and H. Zhang},
title = {{PETSc} users manual},
year = {2015},
number = {},
institution = {ANL-95/11 - Revision 3.6, Argonne National Laboratory},
type = {Technical Report}
}

@misc{remhos,
  howpublished = {\url{github.com/ceed/Remhos}},
  key          = {Remhos},
  title        = {{Remhos}: High-order Remap Miniapp},
  year         = {2020},
}

%%% Other related papers


@article{gottlieb01a,
   author = "Gottlieb, D.I. and J.S. Hesthaven",
   title = "Spectral Methods for Hyperbolic Problems",
   journal = "J. Comput. Appl. Math.",
   volume = "128",
   pages = "83--131",
   year = 2001}

@inproceedings{gottlieb96,
   author = "Gottlieb, D. I. and C. E. Wasberg",
   title = "Optimal strategy in domain decomposition spectral methods for
   wave-like phenomena",
   booktitle = "Domain Decomposition 9 Proc.",
   editor = "P. Bj{\o}rstad and M. Espedal and D. Keyes",
   publisher = "J. Wiley",
   address = "New York",
   year = "1997"}

@article{kreiss72,
author = "Kreiss, H.O. and J. Oliger",
title = "Comparison of accurate methods for the integration of hyperbolic problems",
journal = "Tellus",
volume = "24",
pages = "199--215",
year = "1972"}

@book{dfm02,
  author    = {Deville, M.O. and P.F. Fischer and E.H. Mund},
  location  = {Cambridge},
  publisher = {Cambridge University Press},
  title     = {High-order methods for incompressible fluid flow},
  year      = {2002},
}

@article{pedro19,
author = "Bello-Maldonado, P. and  P.F. Fischer",
title = "Scalable low-order finite element preconditioners for high-order spectral
         element {P}oisson solvers",
journal = {SIAM J. Sci. Comp.},
volume = "41",
pages = "S2--S18",
year = "2019"
}

@article{gervasio10,
author = "C. Canuto and P. Gervasio and A. Quarteroni",
title="Finite-element preconditioning of {G-NI} spectral methods",
journal="SIAM Journal on Scientific Computing",
volume="31",
number="6",
pages="4422--4451",
year="2010"
}

@inproceedings{tufo99a,
   author = "Tufo, H.M. and P.F. Fischer",
   title = "Terascale Spectral Element Algorithms and Implementations",
   booktitle = "Proc. of the ACM/IEEE SC99 Conf. on High Performance
                Networking and Computing, {Gordon Bell} Prize",
   publisher = "IEEE Computer Soc., CDROM",
   year = "1999"}

@inproceedings{fischer2015scaling,
  author    = {Fischer, Paul F and Katherine Heisey and Misun Min},
  booktitle = {22nd AIAA Computational Fluid Dynamics Conference},
  pages     = {3049},
  title     = {Scaling limits for {PDE}-based simulation},
  year      = {2015},
}

@inproceedings{fischer15,
  author    = {Fischer, P. and K. Heisey and M. Min},
  booktitle = {22nd AIAA Computational Fluid Dynamics Conference, AIAA Aviation},
  publisher = {AIAA 2015-3049},
  title     = {Scaling Limits for {PDE}-Based Simulation (Invited)},
  year      = {2015},
}

@article{knoll04,
  author       = {Knoll, D.A. and D.E. Keyes},
  journal      = {J. Comp. Phys.},
  pages        = {357--397},
  title        = {Jacobian-free {Newton}-{Krylov} methods: a survey of approaches and applications},
  volume       = {193},
  year         = {2004},
}

@article{min2015a,
  author       = {Otten, M. and J. Gong and A. Mametjanov and A. Vose and J. Levesque and P. Fischer and M. Min},
  journal      = {Int. J. High Perf. Comput. Appl.},
  title        = {An {MPI/OpenACC} Implementation of a High Order Electromagnetics Solver with {GPUDirect} Communication},
  year         = {2016},
}

@article{pat84,
  author       = {Patera, A.T.},
  journal      = {J. Comp. Phys.},
  pages        = {468--488},
  title        = {A spectral element method for fluid dynamics : laminar flow in a channel expansion},
  volume       = {54},
  year         = {1984},
}

@article{patel18,
  author       = {Patel, S. and P. Fischer and M. Min and A. Tomboulides},
  journal      = {J. Sci. Comp.},
  pages        = {564--592},
  title        = {A Characteristic-Based, Spectral Element Method for Moving-Domain Problems},
  volume       = {79},
  year         = {2019},
}

@inproceedings{raffenetti17,
  author    = {Raffenetti, K. and {\em et al.}},
  booktitle = {Proceedings of Supercomputing'17 (CD-ROM)},
  month     = {Nov},
  publisher = {ACM SIGARCH and IEEE},
  title     = {Why is {MPI} so slow?},
  year      = {2017},
}

@article{sao80,
  author       = {Orszag, S.A.},
  journal      = {J. Comput. Phys.},
  pages        = {70--92},
  title        = {Spectral methods for problems in complex geometry},
  volume       = {37},
  year         = {1980},
}

% libParanumal
@article{karakus2019discontinuous,
  author       = {Karakus, Ali and Chalmers, Noel and Hesthaven, Jan S and Warburton, Tim},
  journal      = {Journal of Computational Physics},
  pages        = {175--202},
  publisher    = {Elsevier},
  title        = {Discontinuous Galerkin discretizations of the Boltzmann--BGK equations for nearly incompressible flows: Semi-analytic time stepping and absorbing boundary layers},
  volume       = {390},
  year         = {2019},
}

@article{karakus2019gpu,
  author       = {Karakus, Ali and Chalmers, Noel and Swirydowicz, K and Warburton, Tim},
  journal      = {Journal of Computational Physics},
  pages        = {380--404},
  publisher    = {Elsevier},
  title        = {A GPU accelerated discontinuous Galerkin incompressible flow solver},
  volume       = {390},
  year         = {2019},
}

@article{swirydowicz2019acceleration,
  author       = {Swirydowicz, Kasia and Chalmers, Noel and Karakus, Ali and Warburton, Tim},
  journal      = {The International Journal of High Performance Computing Applications},
  number       = {4},
  pages        = {735--757},
  publisher    = {SAGE Publications Sage UK: London, England},
  title        = {Acceleration of tensor-product operations for high-order finite element methods},
  volume       = {33},
  year         = {2019},
}

@article{chalmers2018low,
  author       = {Chalmers, Noel and Warburton, T},
  journal      = {SIAM Journal on Scientific Computing},
  number       = {6},
  pages        = {A4040--A4059},
  publisher    = {SIAM},
  title        = {Low-order preconditioning of high-order triangular finite elements},
  volume       = {40},
  year         = {2018},
}

% MAGMA
@inproceedings{masliah2016high,
  author    = {Ian Masliah and Ahmad Abdelfattah and Azzam Haidar and Stanimire Tomov and Marc Baboulin and Joel Falcou and Jack J. Dongarra},
  booktitle = {Euro-Par 2016: Parallel Processing - 22nd International Conference on Parallel and Distributed Computing, Grenoble, France, August 24-26, 2016, Proceedings},
  doi       = {10.1007/978-3-319-43659-3\_48},
  pages     = {659--671},
  timestamp = {Wed, 24 May 2017 08:27:50 +0200},
  title     = {{High-Performance Matrix-Matrix Multiplications of Very Small Matrices}},
  url       = {doi.org/10.1007/978-3-319-43659-3\_48},
  year      = {2016},
}

@techreport{batch-api,
  author      = {Jack Dongarra and Iain Duff and Mark Gates and Azzam Haidar and Sven Hammarling and Nicholas J. Higham and Jonathon Hogg and Pedro Valero-Lara and Samuel D. Relton and Stanimire Tomov and Mawussi Zounon},
  created     = {2016.04.23},
  institution = {Manchester Institute for Mathematical Sciences, The University of Manchester},
  location    = {UK},
  month       = {04},
  number      = {2016.25},
  pages       = {20},
  title       = {A Proposed {API} for {Batched Basic Linear Algebra Subprograms}},
  type        = {MIMS EPrint},
  updated     = {2016.04.23},
  url         = {eprints.ma.man.ac.uk/2464/},
  year        = {2016},
}

@article{BBLAS2,
  author = {Jack Dongarra and Iain Duff and Mark Gates and Azzam Haidar and Sve\ n Hammarling and Nicholas J. Higham and Jonathan Hogg and Pedro Valero Lara and\ Piotr Luszczek and Mawussi Zounon and Samuel D. Relton and Stanimire Tomov and\ Timothy Costa and Sarah Knepper},
  month  = {2018-07},
  title  = {Batched BLAS (Basic Linear Algebra Subprograms) 2018 Specification},
  year   = {2018},
}

@inproceedings{abdelfattah2016high,
  author    = {Ahmad Abdelfattah and Marc Baboulin and Veselin Dobrev and Jack J. Dongarra and Christopher W. Earl and Joel Falcou and Azzam Haidar and Ian Karlin and Tzanio V. Kolev and Ian Masliah and Stanimire Tomov},
  booktitle = {International Conference on Computational Science, {ICCS}, 6-8 June 2016, San Diego, California, {USA}},
  doi       = {10.1016/j.procs.2016.05.302},
  pages     = {108--118},
  title     = {{High-Performance Tensor Contractions for GPUs}},
  year      = {2016},
}

@inproceedings{abdelfattah2016performance,
  author    = {Ahmad Abdelfattah and Azzam Haidar and Stanimire Tomov and Jack J. Dongarra},
  booktitle = {High Performance Computing - 31st International Conference, {ISC} High Performance 2016, Frankfurt, Germany, June 19-23, 2016, Proceedings},
  doi       = {10.1007/978-3-319-41321-1_2},
  pages     = {21--38},
  timestamp = {Mon, 21 Aug 2017 16:43:28 +0200},
  title     = {Performance, Design, and Autotuning of Batched {GEMM} for {GPUs}},
  url       = {doi.org/10.1007/978-3-319-41321-1_2},
  year      = {2016},
}

@techreport{hipmagma-hpec,
  institution  = {University of Tennessee},
  author       = {Cade Brown and Ahmad Abdelfattah and Stanimire Tomov and Jack Dongarra},
  journal      = {Innovative Computing Laboratory Technical Report},
  keywords     = {AMD GPUs, GPU computing, HIP Runtime, HPC, numerical linear algebra, Portability},
  month        = {2020-08},
  number       = {ICL-UT-20-12},
  publisher    = {University of Tennessee},
  title        = {Design, Optimization, and Benchmarking of Dense Linear Algebra Algorithms on {AMD GPUs}},
  year         = {2020},
}

@software{cade_brown_2020_3928667,
  author    = {Cade Brown and Ahmad Abdelfattah and Stanimire Tomov and Jack Dongarra},
  doi       = {10.5281/zenodo.3928667},
  month     = {07},
  publisher = {Zenodo},
  title     = {{hipMAGMA} v2.0.0},
  url       = {doi.org/10.5281/zenodo.3928667},
  version   = {2.0.0},
  year      = {2020},
}

@inproceedings{magma_libceed2020,
  author    = {Natalie Beams and Ahmad Abdelfattah and Stan Tomov and Jack Dongarra and Tzanio Kolev and Yohann Dudouit},
  booktitle = {11th Workshop on Latest Advances in Scalable Algorithms for Large-Scale Systems,Proceedings. To appear},
  title     = {{High-Order Finite Element Method using Standard and Device-Level Batch GEMM on GPUs}},
  year      = {2020}
}

% LLNL
@misc{blast,
  note    = {{\url{www.llnl.gov/CASC/blast}}},
  key     = {BLAST},
  title   = {{BLAST}: High-Order Curvilinear Finite Elements for Shock Hydrodynamics},
  year    = {2020},
}

@misc{glvis,
  doi          = {10.11578/dc.20171025.1249},
  howpublished = {\url{glvis.org}},
  key          = {GLVis},
  title        = {{GLVis}: {OpenGL} Finite Element Visualization Tool},
  year         = {2020},
}

@article{Anderson2015,
  author       = {R. W. Anderson and V. A. Dobrev and T. V. Kolev and R. N. Rieben},
  journal      = {Internat. J. Numer. Methods Engrg.},
  number       = {5},
  pages        = {249-273},
  title        = {Monotonicity in high-order curvilinear finite element arbitrary {L}agrangian--{E}ulerian remap},
  volume       = {77},
  year         = {2015},
}

@article{Anderson2016,
  author       = {R. W. Anderson and V. A. Dobrev and T. V. Kolev and D. Kuzmin and M. Quezada de Luna and R. N. Rieben and V. Z. Tomov},
  journal      = {J. Comp. Phys.},
  pages        = {102-124},
  title        = {High-Order Local Maximum Principle Preserving ({MPP}) Discontinuous {G}alerkin Finite Element Method for the Transport Equation},
  volume       = {334},
  year         = {2017},
}

@article{Dobrev2012,
  author       = {V. A. Dobrev and T. V. Kolev and R. N. Rieben},
  journal      = {SIAM J. Sci. Comp.},
  number       = {5},
  pages        = {B606-B641},
  title        = {High-Order Curvilinear Finite Element Methods for {L}agrangian Hydrodynamics},
  volume       = {34},
  year         = {2012},
}

@article{Dobrev2016,
  author       = {V. A. Dobrev and T. V. Kolev and R. N. Rieben and V. Z. Tomov},
  journal      = {Internat. J. Numer. Methods Engrg.},
  number       = {10},
  pages        = {689-706},
  title        = {Multi-material closure model for high-order finite element {L}agrangian hydrodynamics},
  volume       = {82},
  year         = {2016},
}

@article{Anderson2018,
  author       = {Robert W. Anderson and Veselin A. Dobrev and Tzanio V. Kolev and Robert N. Rieben and Vladimir Z. Tomov},
  journal      = {SIAM J. Sci. Comp.},
  number       = {1},
  pages        = {B32-B58},
  title        = {High-Order Multi-Material {ALE} Hydrodynamics},
  volume       = {40},
  year         = {2018},
}

@article{Kuzmin2020,
  author       = {Hennes Hajduk and Dmitri Kuzmin and Tzanio V. Kolev and Vladimir Z. Tomov and Ignacio Tomas and John N. Shadid},
  journal      = {Comput. Fluids},
  title        = {Matrix-free subcell residual distribution for {B}ernstein finite elements: Monolithic limiting},
  year         = {2020},
}

@article{Dobrev2020,
  author       = {Veselin A. Dobrev and Patrick Knupp and Tzanio V. Kolev and Ketan Mittal and Robert N. Rieben and Vladimir Z. Tomov},
  journal      = {Comput. Fluids},
  title        = {Simulation-Driven Optimization of High-Order Meshes in {ALE} Hydrodynamics},
  year         = {2020},
}

@article{mfem-amr,
  author       = {Jakub Cerveny and Veselin Dobrev and Tzanio Kolev},
  journal      = {SIAM Journal on Scientific Computing},
  number       = {4},
  pages        = {C367-C392},
  title        = {Non-conforming Mesh Refinement for High-Order Finite Elements},
  volume       = {41},
  year         = {2019},
}

@article{dobrev2019target,
  author       = {Dobrev, Veselin and Knupp, Patrick and Kolev, Tzanio and Mittal, Ketan and Tomov, Vladimir},
  journal      = {SIAM Journal on Scientific Computing},
  number       = {1},
  pages        = {B50--B68},
  publisher    = {SIAM},
  title        = {The {T}arget-{M}atrix {O}ptimization {P}aradigm for high-order meshes},
  volume       = {41},
  year         = {2019},
}

@misc{VisIt_web,
  doi          = {10.11578/dc.20171025.on.1019},
  howpublished = {\url{visit.llnl.gov}},
  key          = {VisIt},
  title        = {{VisIt}: A Distributed, Parallel Visualization and Analysis Tool},
  year         = {2020},
}

@misc{RAJA-web,
  howpublished = {\url{github.com/LLNL/RAJA}},
  key          = {RAJA},
  title        = {{RAJA} Performance Portability Layer},
  year         = {2020},
}

@techreport{RAJA-report,
  author = {R. D. Hornung and J. A. Keasler},
  title = {{The RAJA Portability Layer: Overview and Status}},
  number = {LLNL-TR-661403},
  month = sep,
  institution={LLNL},
  year = {2014}
}

@inproceedings{RAJA-paper,
  author    = {David A. Beckingsale and Jason Burmark and Rich Hornung and Holger Jones and William Killian and Adam J. Kunen and Olga Pearce and Peter Robinson and Brian S. Ryujin and Thomas RW Scogland},
  booktitle = {{IEEE}/{ACM} International Workshop on Performance, Portability and Productivity in {HPC} ({P3HPC})},
  title     = {{RAJA}: Portable Performance for Large-Scale Scientific Applications},
  year      = {2019},
}

% RPI
@article{ibanez2016pumi,
  author       = {Ibanez, D.A. and Seol, E.S. and Smith, C.W. and Shephard, M.S.},
  journal      = {ACM Transactions on Mathematical Software (TOMS)},
  number       = {3},
  pages        = {17},
  publisher    = {ACM},
  title        = {Pumi: Parallel unstructured mesh infrastructure},
  volume       = {42},
  year         = {2016},
}

@book{farin2014curves,
  author    = {Farin, Gerald},
  publisher = {Elsevier},
  title     = {Curves and surfaces for computer-aided geometric design: a practical guide},
  year      = {2014},
}

@article{lu2014parallel,
  author       = {Lu, Qiukai and Shephard, Mark S and Tendulkar, Saurabh and Beall, Mark W},
  journal      = {Engineering with Computers},
  number       = {2},
  pages        = {271--286},
  publisher    = {Springer},
  title        = {Parallel mesh adaptation for high-order finite element methods with curved element geometry},
  volume       = {30},
  year         = {2014},
}

@article{LuoShephard_04,
  author       = {Luo, Xiao-Juan and Shephard, Mark S and O'bara, Robert M and Nastasia, Rocco and Beall, Mark W},
  doi          = {10.1007/s00366-004-0295-1},
  journal      = {Eng. with Computers},
  month        = {09},
  number       = {3},
  pages        = {273-285},
  publisher    = {Springer},
  title        = {Automatic p-version mesh generation for curved domains},
  volume       = {20},
  year         = {2004},
}

% Omega_h
@book{ibanezPhd,
  author    = {Ibanez, Daniel Alejandro},
  publisher = {Rensselaer Polytechnic Institute, Troy, NY},
  title     = {Conformal mesh adaptation on heterogeneous supercomputers.},
  year      = {2016},
}

@unpublished{osh_github,
  author = {Dan Ibanez},
  note   = {\url{github.com/ibaned/omega_h}},
  title  = {{Omega\_h} {GitHub} repository},
  year   = {2016},
}

@inproceedings{feuillet2018connectivity,
  author    = {Feuillet, Remi and Loseille, Adrien and Marcum, David and Alauzet, Frederic},
  booktitle = {2018 Fluid Dynamics Conference},
  pages     = {4167},
  title     = {Connectivity-change moving mesh methods for high-order meshes: Toward closed advancing-layer high-order boundary layer mesh generation},
  year      = {2018},
}

@unpublished{RFSciDAC,
  author = {Paul Bonoli},
  note   = {\url{www.rfscidac4.org/home}},
  title  = {Center for Integrated Simulation of Fusion Relevant {RF} Actuators},
  year   = {2020},
}

@unpublished{simmetrix_web,
  author = {Simmetrix},
  note   = {\url{www.simmetrix.com}},
  title  = {Simmetrix: Enabling Simulation-Based Design},
  year   = {2020},
}

@unpublished{gmsh_web,
  author = {Geuzaine, Christophe and Remacle, Jean-Francois},
  note   = {\url{gmsh.info}},
  title  = {{Gmsh}: A three-dimensional finite element mesh generator with built-in pre- and post-processing facilities},
  year   = {2013},
}

@inproceedings{shiraiwa2017rf,
  author       = {Shiraiwa, S and Wright, JC and Bonoli, PT and Kolev, T and Stowell, M},
  booktitle    = {EPJ Web of Conferences},
  organization = {EDP Sciences},
  pages        = {03048},
  title        = {RF wave simulation for cold edge plasmas using the MFEM library},
  volume       = {157},
  year         = {2017},
}

% Solvers
@article{Lottes2005,
  author       = {Lottes, James W. and Fischer, Paul F.},
  doi          = {10.1007/s10915-004-4787-3},
  journal      = {Journal of Scientific Computing},
  month        = {07},
  number       = {1},
  pages        = {45--78},
  title        = {Hybrid multigrid/{S}chwarz algorithms for the spectral element method},
  volume       = {24},
  year         = {2005},
}

@article{Kronbichler2019,
  author       = {Kronbichler, Martin and Ljungkvist, Karl},
  doi          = {10.1145/3322813},
  journal      = {ACM Transactions on Parallel Computing},
  month        = {05},
  number       = {1},
  pages        = {1--32},
  title        = {Multigrid for matrix-free high-order finite element computations on graphics processors},
  volume       = {6},
  year         = {2019},
}

@article{Sundar2015,
  author       = {Sundar, Hari and Stadler, Georg and Biros, George},
  doi          = {10.1002/nla.1979},
  journal      = {Numerical Linear Algebra with Applications},
  month        = {apr},
  number       = {4},
  pages        = {664--680},
  title        = {Comparison of multigrid algorithms for high-order continuous finite element discretizations},
  volume       = {22},
  year         = {2015},
}

@book{Canuto2006,
  author    = {Canuto, Claudio and Hussaini, M. Youssuff and Quarteroni, Alfio and Zang, Thomas A.},
  doi       = {10.1007/978-3-540-30726-6},
  publisher = {Springer Berlin Heidelberg},
  title     = {Spectral methods: fundamentals in single domains},
  year      = {2006},
}

@article{Canuto1994,
  author       = {Canuto, Claudio},
  doi          = {10.1016/s0045-7825(94)80004-9},
  journal      = {Computer Methods in Applied Mechanics and Engineering},
  month        = {01},
  number       = {1-4},
  pages        = {13--26},
  title        = {Stabilization of spectral methods by finite element bubble functions},
  volume       = {116},
  year         = {1994},
}

@article{Bello-Maldonado2019,
  author       = {Bello-Maldonado, Pedro D. and Fischer, Paul F.},
  doi          = {10.1137/18M1194997},
  journal      = {SIAM Journal on Scientific Computing},
  number       = {5},
  pages        = {S2-S18},
  title        = {Scalable low-order finite element preconditioners for high-order spectral element {P}oisson solvers},
  volume       = {41},
  year         = {2019},
}

@article{Pazner2019a,
  author       = {Pazner, Will},
  journal      = {SIAM Journal on Scientific Computing (In Press)},
  title        = {Efficient low-order refined preconditioners for high-order matrix-free continuous and discontinuous {G}alerkin methods},
  year         = {2020},
}

@article{Chalmers2018,
  author       = {Chalmers, Noel and Warburton, T.},
  doi          = {10.1137/17m1149444},
  journal      = {{SIAM} Journal on Scientific Computing},
  month        = {jan},
  number       = {6},
  pages        = {A4040--A4059},
  title        = {Low-order preconditioning of high-order triangular finite elements},
  volume       = {40},
  year         = {2018},
}

@article{Antonietti2016,
  author       = {Antonietti, Paola F. and Sarti, Marco and Verani, Marco and Zikatanov, Ludmil T.},
  doi          = {10.1007/s10915-016-0259-9},
  journal      = {Journal of Scientific Computing},
  month        = {08},
  number       = {2},
  pages        = {608--630},
  title        = {A uniform additive {S}chwarz preconditioner for high-order discontinuous {G}alerkin approximations of elliptic problems},
  volume       = {70},
  year         = {2016},
}

@article{Kolev2009,
  author       = {Kolev, Tzanio V. and Vassilevski, Panayot S.},
  doi          = {10.4208/jcm.2009.27.5.013},
  journal      = {Journal of Computational Mathematics},
  month        = {jun},
  number       = {5},
  pages        = {604--623},
  title        = {Parallel auxiliary space {AMG} for $H(\mathrm{curl})$ problems},
  volume       = {27},
  year         = {2009},
}

@article{Pazner2018e,
  author       = {Pazner, Will and Persson, Per-Olof},
  doi          = {10.1016/j.jcp.2017.10.030},
  journal      = {Journal of Computational Physics},
  month        = {02},
  pages        = {344--369},
  title        = {Approximate tensor-product preconditioners for very high order discontinuous {G}alerkin methods},
  volume       = {354},
  year         = {2018},
}

@article{Dobrev2006,
  author       = {Dobrev, Veselin A. and Lazarov, Raytcho D. and Vassilevski, Panayot S. and Zikatanov, Ludmil T.},
  doi          = {10.1002/nla.504},
  journal      = {Numerical Linear Algebra with Applications},
  number       = {9},
  pages        = {753--770},
  title        = {Two-level preconditioning of discontinuous {G}alerkin approximations of second-order elliptic equations},
  volume       = {13},
  year         = {2006},
}

% BDDC
@article{brown2019lfabddc,
  author       = {Jed Brown and Yunhui He and Scott MacLachlan},
  doi          = {10.1137/18M1191373},
  file         = {jedbrown.org/files/BrownHeMacLachlan-LocalFourierAnalysisOfBDDCAlgorithms-2019.pdf},
  issue        = {5},
  journal      = {SIAM Journal on Scientific Computing},
  pages        = {S346--S369},
  publisher    = {SIAM},
  title        = {Local {F}ourier analysis of {BDDC}-like algorithms},
  volume       = {41},
  year         = {2019},
}

@article{zampini2016pcbddc,
  author       = {Zampini, Stefano},
  journal      = {SIAM Journal on Scientific Computing},
  number       = {5},
  pages        = {S282--S306},
  publisher    = {SIAM},
  title        = {{PCBDDC}: a class of robust dual-primal methods in {PETSc}},
  volume       = {38},
  year         = {2016},
}

@article{pavarino2010bddc,
  author       = {Pavarino, L.F. and Widlund, O.B. and Zampini, S.},
  journal      = {SIAM Journal on Scientific Computing},
  pages        = {3604},
  title        = {{BDDC} preconditioners for spectral element discretizations of almost incompressible elasticity in three dimensions},
  volume       = {32},
  year         = {2010},
}

@article{dohrmann2003psb,
  author       = {Dohrmann, C.R.},
  journal      = {SIAM Journal on Scientific Computing},
  pages        = {246},
  publisher    = {SIAM},
  title        = {A Preconditioner for Substructuring Based on Constrained Energy Minimization},
  volume       = {25},
  year         = {2003},
}

% ANL
@article{min_2016_a,
  author       = {Matthew Otten and Jing Gong and Azamat Mametjanov and Aaron Vose and John Levesque and Paul Fischer and Misun Min},
  journal      = {The International Journal of High Performance Computing Application},
  number       = {3},
  pages        = {320--334},
  title        = {An {MPI/OpenACC} implementation of a high order electromagnetics solver with {GPUDirect} communication},
  volume       = {30},
  year         = {2016},
}

@article{gong16,
  author       = {Jing Gong and Stefano Markidis and Erwin Laure and Matthew Otten and Paul Fischer and Misun Min},
  journal      = {J. Supercomputing},
  number       = {11},
  pages        = {4160--4180},
  title        = {Nekbone Performance on GPUs with OpenACC and CUDA Fortran Implementations, Special issue on Sustainability on Ultrascale Computing Systems and Applications},
  volume       = {72},
  year         = {2016},
}

@article{otero19,
  author       = {Evelyn Otero and Jing Gong and Misun Min and Paul Fischer and Phillip Schlatter and Erwin Laure},
  journal      = {Journal of Parallel and Distributed Computing},
  volume       = {132},
  pages        = {69--78},
  title        = {OpenACC acceleration for the PnPn-2 algorithm in Nek5000},
  year         = {2019},
}

@article{elia2020a,
  author       = {Elia Merzari and Paul Fischer and Misun Min and Stefan Kerkemeier and Aleksandr Obabko and Dillon Shaver and Haomin Yuan and Yiqi Yu and Javier Martinez and Landon Brockmeyer and Lambert Fick and Giacomo Busco and Alper Yildiz and Yassin Hassand},
  journal      = {Nuclear Technology},
  note         = {(in press)},
  title        = {Toward exascale: overview of large eddy simulations and direct numerical simulations of nuclear reactor flows with the spectral element method in Nek5000},
  year         = {2020},
}

erzari-wm-2020
@article{javier2019,
  author       = {Martinez, Javier and Yu-Hsiang Lan and Elia Merzari and Misun Min},
  journal      = {International Journal of Heat and Mass Transfer},
  pages        = {118399},
  title        = {On the use of {LES}-based turbulent thermal-stress models for rod bundle simulations},
  volume       = {142},
  year         = {2019},
}

@article{hong2019,
  author       = {Youngjoon Hong and Matthew Otten and Misun Min and Stephen Gray and David Nicholls},
  journal      = {Applied Physics Letters},
  pages        = {053901},
  title        = {Periodic corrugations to increase efficiency of thermophotovoltaic emitting structures},
  volume       = {114},
  year         = {2019},
}

@article{pht2020,
  author       = {Ping-Hsuan Tsai and Yu-Hsiang Lan and Paul Fisher and Misun Min},
  journal      = {ANL/MCS-P9295-0420},
  title        = {{D}rift-{D}iffusion {S}olvers {P}art {II}: {S}teady {P}roblems},
  year         = {2020},
}

@article{pablo2019,
  author       = {P. Brubeck and P. Fischer},
  journal      = {ANL/MCS-P9200-0719},
  title        = {Fast diagonalization preconditioning for nonsymmetric spectral element problems},
  year         = {2019},
}

@article{pablo2020,
  author       = {P. Brubeck and K. Kaneko and Y.H. Lan and L. Lu and P. Fischer and M. Min},
  journal      = {ANL/MCS-P9199-0719},
  title        = {{Schwarz} Preconditioned Spectral Element Methods for Steady Flow and Heat Transfer},
  year         = {2020},
}

@techreport{anl-neams2019,
  author      = {Misun Min and Ananias Tomboulides and Paul Fischer and Elia Merzari and Dillon Shaver and Javier Martinez and Haomin Yuan and YuHsiang Lan},
  institution = {ANL NEAMS Report},
  month       = {September},
  number      = {ANL.MCS-TM-384},
  title       = {Nek5000 enhancements for faster running analysis},
  year        = {2019},
}

@techreport{nek-vto2020,
  institution = {DOE Vehicle Technologies Office Annual Merit Review},
  author      = {M. Ameen and S. Patel and J. Colmenares and T. Chatterjee},
  month       = {June},
  title       = {{Direct Numerical Simulation (DNS) and High-Fidelity Large-Eddy Simulations for Improved Prediction of In-Cylinder Flow and Combustion Processes}},
  year        = {2020},
}

@techreport{nek-exasmr2017,
  author      = {Elia Merzari and Ron Rahaman and Saumil Patel and Misun Min},
  institution = {DOE ECP ExaSMR Milestone Report},
  month       = {September},
  number      = {ECP-SE-08-47},
  key         = {WBS 1.2.1.08},
  title       = {CFD SMR assembly performance baselines with Nek5000},
  year        = {2017},
}

@article{ananias2018,
  author       = {A. Tomboulides and M. Aithal and P. Fischer and E. Merzari and A. Obabko and D. Shaver},
  journal      = {International Journal of Heat and Fluid Flow},
  pages        = {186--199},
  title        = {A novel numerical treatment of the near-wall regions in the $k$-$\omega$ class of the RANS models},
  volume       = {72},
  year         = {2018},
}

@techreport{matt2013,
  institution = {NREL},
  author = {M.J. Churchfield and Sang Lee and P.J. Moriatry},
  number = {NREL/CP-5000-58539},
  title  = {Adding complex terrain and stable atmospheric condition capability to the {OpenFOAM}-based flow solver of the simulator for on/offshore wind farm application ({SOWFA})},
  year   = {2000}
}

@article{dutta20,
  author       = {Som Dutta and Paul Fischer and et. al.},
  journal      = {American Physical Society, Division of Fluid Dynamics},
  note         = {submitted},
  title        = {On turbulence and particle transport in closed rooms},
  year         = {2020}
}

@article{gg19,
title = "{LES} of the Gas-Exchange Process Inside an Internal Combustion Engine
	  Using a High-Order Method",
journal = " Flow, Turbulence and Combustion",
publisher = "Springer Netherlands",
pages = "",
year = "2019",
author = "Giannakopoulos, G.K. and C.E. Frouzakis and
	  P.F. Fischer and A.G. Tomboulides and K. Boulouchos"}

@article{mittal19b,
  author="Mittal, Ketan and Som Dutta and Paul Fischer",
  title="Nonconforming {S}chwarz-spectral element methods for incompressible flow",
  journal="Computers and Fluids",
  issue="104237",
  volume="191",
  year="2019"}

@article{fisc98,
   author = "Fischer, P.F.",
   title = "Projection techniques for iterative solution of ${A}{\underline x}={\underline b}$ with
   successive right-hand sides",
   journal = {Computer Methods in Applied Mechanics and Engineering},
   volume = "163",
   year = "1998",
   pages = "193--204"}


@article{austin2020initial,
  title={Initial Guesses for Sequences of Linear Systems in a GPU-Accelerated Incompressible Flow Solver},
  author={Austin, Anthony P and Chalmers, Noel and Warburton, Tim},
  journal={arXiv preprint arXiv:2009.10863},
  year={2020}
}

@article{chalmers2020portable,
  title={Portable high-order finite element kernels I: Streaming Operations},
  author={Chalmers, Noel and Warburton, Tim},
  journal={arXiv preprint arXiv:2009.10917},
  year={2020}
}

@MISC{streamParanumal2020,
      author = "Chalmers, N. and Warburton, T.",
      title = "{streamParanumal}: Streaming Microbenchmarks for High-order Finite Element Methods",
      url = "github.com/paranumal/streamparanumal",
}

@MISC{gsLib,
	title = "gslib: Gather-Scatter library",
	url = "github.com/Nek5000/gslib",
	year = "2020"
}

@phdthesis{Tuf1998,
	title="Algorithms for Large-Scale Parallel Simulation of Unsteady Incompressible Flows in Three-Dimensional Complex Geometries",
	author="Tufo III, Henry Michael",
	school="Brown University",
	type="{Ph.D.}\ thesis",
	year="1998"
}

@phdthesis{medina2015okl,
  title={OKL: a unified language for parallel architectures},
  author={Medina, D.},
  year={2015},
  school={Rice University}
}

@article{umpire,
  Author = {Beckingsale, D. and McFadden, M. and Dahm, J. and Pankajakshan, R. and Hornung, R.},
  Doi = {10.1147/JRD.2019.2954403},
  Journal = {IBM Journal of Research and Development},
  Pages = {1-10},
  Publisher = {IBM},
  Title = {Umpire: Application-Focused Management and Coordination of Complex Hierarchical Memory},
  Url = {ieeexplore.ieee.org/document/8907404},
  Year = {2019}
}

@article{hypervisc,
author  = "Pedro D. Bello-Maldonado and Tzanio V. Kolev and
           Robert N. Rieben and Vladimir Z. Tomov",
title   = "A Matrix-Free Hyperviscosity Formulation for High-Order
           {ALE} Hydrodynamics",
journal = "Comput. Fluids",
year    = "2020"
}

@article{TMOP_2020,
author  = "Veselin A. Dobrev and Patrick Knupp and Tzanio V. Kolev and
           Ketan Mittal and Robert N. Rieben and Vladimir Z. Tomov",
title   = "Simulation-Driven Optimization of High-Order Meshes in
           {ALE} Hydrodynamics",
journal = "Comput. Fluids",
year    = "2020"}

@article{TMOP_2019,
author  = "Veselin A. Dobrev and Patrick Knupp and Tzanio V. Kolev and
           Ketan Mittal and Vladimir Z. Tomov",
title   = "The {T}arget-{M}atrix {O}ptimization {P}aradigm
           for High-Order Meshes",
journal = "SIAM J. Sci. Comp.",
volume  = "41",
number  = "1",
pages   = "B50-B68",
year    = "2019"
}

@article{Hajduk2020,
author  = "Hennes Hajduk and Dmitri Kuzmin and
           Tzanio V. Kolev and Remi Abgrall",
title   = "Matrix-free subcell residual distribution for {B}ernstein finite
           element discretizations of linear advection equations",
journal = "Comput. Methods Appl. Mech. Eng.",
volume  = "359",
year    = "2020"
}

% Exaconstit


@article{Barlat2005,
	Author = {Barlat, F. and Aretz, H. and Yoon, J.W. and Karabin, M.E. and Brem, J.C. and Dick, R.E.},
	Date-Added = {2020-10-19 11:46:59 -0700},
	Date-Modified = {2020-10-19 11:46:59 -0700},
	Doi = {10.1016/j.ijplas.2004.06.004},
	Issn = {0749-6419},
	Journal = {Int. J. Plasticity},
	Month = {May},
	Number = {5},
	Pages = {1009--1039},
	Publisher = {Elsevier BV},
	Title = {Linear transformation-based anisotropic yield functions},
	Volume = {21},
	Year = {2005},
	Bdsk-Url-1 = {doi.org/10.1016/j.ijplas.2004.06.004}}

@article{Gupta1983,
	Author = {Gupta, Ajaya K.},
	Date-Added = {2020-10-19 11:45:57 -0700},
	Date-Modified = {2020-10-19 11:45:57 -0700},
	Doi = {10.1002/nme.1620190910},
	Issn = {1097-0207},
	Journal = {International Journal for Numerical Methods in Engineering},
	Month = {Sep},
	Number = {9},
	Pages = {1410--1413},
	Publisher = {Wiley},
	Title = {Efficient numerical integration of element stiffness matrices},
	Volume = {19},
	Year = {1983},
	Bdsk-Url-1 = {doi.org/10.1002/nme.1620190910}}

@article{Gupta1972,
	Author = {Gupta, Ajaya K. and Mohraz, Bijan},
	Date-Added = {2020-10-19 11:45:57 -0700},
	Date-Modified = {2020-10-19 11:45:57 -0700},
	Doi = {10.1002/nme.1620050108},
	Issn = {1097-0207},
	Journal = {International Journal for Numerical Methods in Engineering},
	Month = {Sep},
	Number = {1},
	Pages = {83--89},
	Publisher = {Wiley},
	Title = {A method of computing numerically integrated stiffness matrices},
	Volume = {5},
	Year = {1972},
	Bdsk-Url-1 = {doi.org/10.1002/nme.1620050108}}

@misc{exaconstit,
	Abstractnote = {The principal purpose of this code is to determine bulk constitutive properties and response of polycrystalline materials. This is a nonlinear quasi-static, implicit solid mechanics code built on the MFEM library based on an updated Lagrangian formulation (velocity based). Within this context, there is flexibility in the type of constitutive model employed, with the code allowing for various UMATs to be interfaced within the code framework or for the use of the ExaCMech library. Using crystal-mechanics-based constitutive models, the code can be used, for example, to compute homogenized response behavior over a polycrystal.},
	Annote = {
   www.osti.gov//servlets/purl/1571640
   www.osti.gov/biblio/1571640-exaconstit
},
	Author = {Carson, Robert A. and Wopschall, Steven R. and Bramwell, Jamie A.},
	Date-Added = {2020-10-19 11:45:38 -0700},
	Date-Modified = {2020-10-19 11:45:38 -0700},
	Doi = {10.11578/dc.20191024.2},
	Month = {Aug},
	Title = {{ExaConstit}},
	Url = {github.com/LLNL/ExaConstit},
	Year = {2019},
	Bdsk-Url-1 = {github.com/LLNL/ExaConstit},
	Bdsk-Url-2 = {doi.org/10.11578/dc.20191024.2}}

@misc{ecmech,
	Abstractnote = {{ECMech} is a {GPU}-friendly library of constitutive models. Crystal-mechanics-based and porosity mechanics-based models are a principal focus.},
	Annote = {
   www.osti.gov//servlets/purl/1550790
   www.osti.gov/biblio/1550790-llnl-exacmech
},
	Author = {Barton, Nathan R. and Carson, Robert A. and Wopschall, Steven R and USDOE National Nuclear Security Administration},
	Date-Added = {2020-10-19 11:45:38 -0700},
	Date-Modified = {2020-10-19 11:45:38 -0700},
	Doi = {10.11578/dc.20190809.2},
	Month = {12},
	Title = {{ECMech}},
	Url = {github.com/LLNL/ExaCMech},
	Year = {2018},
	Bdsk-Url-1 = {github.com/LLNL/ExaCMech},
	Bdsk-Url-2 = {doi.org/10.11578/dc.20190809.2}}
