@article{merzari2013,
  title={Numerical simulation and proper orthogonal decomposition of the flow in a counter-flow T-junction},
  author={Merzari, E and Pointer, WD and Fischer, P},
  journal={Journal of Fluids Engineering},
  volume={135},
  number={9},
  pages={091304},
  year={2013},
  publisher={American Society of Mechanical Engineers}
}

@techreport{obabko2011cfd,
  title={CFD validation in OECD/NEA t-junction benchmark.},
  author={Obabko, AV and Fischer, PF and Tautges, TJ and Karabasov, S and Goloviznin, VM and Zaytsev, MA and Chudanov, VV and Pervichko, VA and Aksenova, AE},
  year={2011},
  institution={Argonne National Lab.(ANL), Argonne, IL (United States)}
}

@techreport{crab,
  title={NRC Non-Light Water Reactor (Non-LWR) Vision and Strategy, Volume 1 – Computer Code Suite for Non-LWR Design Basis Event Analysis},
  author={N. R. C.},
  year={2019},
  institution={Nuclear Regulatory Commission, ML19093B322},
  url={https://www.nrc.gov/docs/ML1909/ML19093B322.pdf}
}

@article{chang2020,
  title={Reynolds-Averaged Turbulence Modeling Using Deep Learning with Local Flow Features: An Empirical Approach},
  author={Chang, Chih-Wei and Fang, Jun and Dinh, Nam T},
  journal={Nuclear Science and Engineering},
  pages={1--15},
  year={2020},
  publisher={Taylor \& Francis}
}

@article{vidil1988,
  title={Interaction of recirculation and stable stratification in a rectangular cavity filled with sodium},
  author={Vidil, R and Grand, D and Leroux, F},
  journal={Nuclear Engineering and Design},
  volume={105},
  number={3},
  pages={321--332},
  year={1988}
}

@article{chang2019,
  title={Classification of machine learning frameworks for data-driven thermal fluid models},
  author={Chang, Chih-Wei and Dinh, Nam T},
  journal={International Journal of Thermal Sciences},
  volume={135},
  pages={559--579},
  year={2019},
  publisher={Elsevier}
}

@article{bao2019,
  title={A Data-driven Approach to Scale Bridging in System Thermal-hydraulic Simulation},
  author={Bao, Han and Youngblood, Robert and Zhang, Hongbin and Dinh, Nam and Lin, Linyu and Lane, Jeffrey},
  journal={NURETH-18. Portland, Oregon},
  year={2019}
}

@article{capone2016source,
  title={Source terms modeling for spacer grids with mixing vanes for CFD simulations in nuclear reactors},
  author={Capone, Luigi and Benhamadouche, Sofiane and Hassan, Yassin A},
  journal={Computers \& Fluids},
  volume={126},
  pages={141--152},
  year={2016},
  publisher={Elsevier}
}

@article{tomov2019ecp,
  title={ECP Milestone Report Performance tuning of CEED software and 1st and 2nd wave apps WBS 2.2. 6.06, Milestone CEED-MS32},
  author={Tomov, Stanimire and Abdelfattah, Ahmad and Barra, Valeria and Beams, Natalie and Brown, Jed and Camier, Jean-Sylvain and Dobrev, Veselin and Dongarra, Jack and Dudouit, Yohann and Fischer, Paul and others},
  year={2019}
}

@inproceedings{cardinal,
  title={Cardinal: A Lower Length-scale Simulator for Flouride Cooled High Temperature Reactors},
  author={Merzari, Elia and Gaston, Derek and Rahaman, Ronald and Talamo, Alberto and Yuan, Haomin and Romano, Paul and Martineau, Richard},
  booktitle={Report ANL/MCS-TM-383},
  publisher={Argonne National Laboratory},
  year={2019}
}

% Elia Merzari, Derek Gaston, Ronald Rahaman, Alberto Talamo, Haomin Yuan, Paul Romano and Richard Martineau,” Cardinal: A Lower Length-scale Simulator for Flouride Cooled High Temperature Reactors”, Report ANL/MCS-TM-383, Argonne National Laboratory, 2019.

@article{merzari2012,
  title={Numerical simulation of the flow in wire-wrapped pin bundles: Effect of pin-wire contact modeling},
  author={Merzari, E and Pointer, WD and Smith, JG and Tentner, A and Fischer, P},
  journal={Nuclear Engineering and Design},
  volume={253},
  pages={374--386},
  year={2012},
  publisher={Elsevier}
}

@article{hales2013,
  title={Multidimensional multiphysics simulation of TRISO particle fuel},
  author={Hales, JD and Williamson, RL and Novascone, SR and Perez, DM and Spencer, BW and Pastore, G},
  journal={Journal of Nuclear Materials},
  volume={443},
  number={1-3},
  pages={531--543},
  year={2013},
  publisher={Elsevier}
}

@inproceedings{fischer2008p,
  title={Petascale algorithms for reactor hydrodynamics},
  author={Fischer, Paul and Lottes, James and Pointer, David and Siegel, Andrew},
  booktitle={Journal of Physics: Conference Series},
  volume={125},
  number={1},
  pages={012076},
  year={2008},
  organization={IOP Publishing}
}

@inproceedings{merzari2010,
  title={On the numerical simulation of thermal striping in the upper plenum of a fast reactor},
  author={Merzari, E and Pointer, WD and Obabko, A and Fischer, P},
  booktitle={Proceedings of the 2010 International Congress on Advances in Nuclear Power Plants-ICAPP'10},
  year={2010}
}
@incollection{obabko2013,
  title={Large eddy simulation of thermo-hydraulic mixing in a T-junction},
  author={Obabko, Aleksandr V and Fischer, Paul F and Tautges, Timothy J and Goloviznin, Vasily M and Zaytsev, Mikhail A and Chudanov, Vladimir V and Pervichko, Valeriy A and Aksenova, Anna E and Karabasov, Sergey A},
  booktitle={Nuclear Reactor Thermal Hydraulics and Other Applications},
  year={2013},
  publisher={InTech}
}
@inproceedings{obabko2015,
  title={Verification and Validation of Nek5000 for T-junction, Matis, SIBERIA, and Max Experiments.},
  author={Obabko, Aleksandr and Fischer, Paul and Marin, Oana and Merzari, Elia and Pointer, Dave},
  booktitle={Proceedings of the 16th International Topical Meeting on Nuclear reactor Thermal-hydraulics, NURETH-16, Chicago, Illinois, August 30th-September 4th},
  year={2015}
}

@article{vijay2014,
  title={High-resolution coupled physics solvers for analysing fine-scale nuclear reactor design problems},
  author={Mahadevan, Vijay S and Merzari, Elia and Tautges, Timothy and Jain, Rajeev and Obabko, Aleksandr and Smith, Michael and Fischer, Paul},
  journal={Philosophical Transactions of the Royal Society of London A: Mathematical, Physical and Engineering Sciences},
  volume={372},
  number={2021},
  pages={20130381},
  year={2014},
  publisher={The Royal Society}
}

@article{vakho2017,
  title={A performance analysis of ensemble averaging for high fidelity turbulence simulations at the strong scaling limit},
  author={Makarashvili, Vakhtang and Merzari, Elia and Obabko, Aleksandr and Siegel, Andrew and Fischer, Paul},
  journal={Computer Physics Communications},
  year={2017},
  publisher={North-Holland}
}

@inproceedings{fick2015,
  title={Direct Numerical Simulation of the Flow Through a Structured Pebble Bed Near a Wall Boundary},
  author={Fick, Lambert and Merzari, Elia and Hassan, Yassin},
  booktitle={ASME/JSME/KSME 2015 Joint Fluids Engineering Conference},
  pages={V001T03A008--V001T03A008},
  year={2015},
  organization={American Society of Mechanical Engineers}
}

@article{fick2017,
  title={Direct Numerical Simulation of Pebble Bed Flows: Database Development and Investigation of Low-Frequency Temporal Instabilities},
  author={Lambert H. Fick, Elia Merzari and Yassin A. Hassan},
  journal={Journal of Fluids Engineering},
  volume={139},
  number={5},
  pages={051301},
  year={2017},
  publisher={American Society of Mechanical Engineers}
}

@inproceedings{fick2016,
  title={Calculation of Turbulent Kinetic Energy Budgets for Flow Through a Pebble Bed Using DNS},
  author={Fick, Lambert H and Merzari, Elia and Hassan, Yassin A},
  booktitle={2016 24th International Conference on Nuclear Engineering},
  pages={V005T15A058--V005T15A058},
  year={2016},
  organization={American Society of Mechanical Engineers}
}

@misc{molten,
  title = {Demand for clean energy inspires new generation to innovate nuclear power},
  howpublished = {\url{http://www.pbs.org/newshour/bb/demand-clean-energy-inspires-new-generation-innovate-nuclear-power/}},
  note = {Accessed: 2017-06-20}
}


@article{Fischer1998,
title = "Projection techniques for iterative solution of {A}x = b with successive right-hand sides ",
journal = "Computer Methods in Applied Mechanics and Engineering ",
volume = "163",
number = "1-4",
pages = "193-204",
year = "1998",
note = " ",
issn = "0045-7825",
author = "Paul F. Fischer"
}


@proceedings{exascale,
  editor = {Markidis, S. and Laure, E.},
  title = {On the Strong Scaling of the Spectral Element Solver Nek5000 on Petascale Systems},
  year = {2016},
  isbn = {},
  author={ Offermans, N. and Marin, O. and Schanen, M. and Gong, J. and
  Fischer, P. and Schlatter, P. and Obabko, O. and Peplinski, A. and Hutchinson, M and Merzari, E.},
  location = {Stockholm, Sweden},
  publisher = {EASC '16: Proceedings of the 4th International Conference
on Exascale Applications and Software},
  address = {KTH, Sweden},
}

@article{dctnek,
  title = {Large-scale lossy data compression based on a
      priori error estimator in a Spectral Element Code},
  author = {Oana Marin and Michel Schanen and Paul Fischer},
  journal = {SIAM Journal on Scientific Computing},
  year = {2016},
  note = {to be submitted}
}

@article{tanaka1981fluid,
  title={Fluid elastic vibration of tube array in cross flow},
  author={Tanaka, H and Takahara, S},
  journal={Journal of sound and vibration},
  volume={77},
  number={1},
  pages={19--37},
  year={1981},
  publisher={Elsevier}
}

@article{chen1983tube,
  title={Tube vibration in a half-scale sector model of a helical tube steam generator},
  author={Chen, SS and Jendrzejczyk, JA and Wambsganss, MW},
  journal={Journal of Sound and Vibration},
  volume={91},
  number={4},
  pages={539--569},
  year={1983},
  publisher={Elsevier}
}

@book{deville2002high,
  title={High-order methods for incompressible fluid flow},
  author={Deville, Michel O and Fischer, Paul F and Mund, Ernest H},
  volume={9},
  year={2002},
  publisher={Cambridge University Press}
}

@incollection{fischer2007large,
  title={Large eddy simulation of wire-wrapped fuel pins I: hydrodynamics of a single pin},
  author={Fischer, Paul and Lottes, James and Siegel, Andrew and Palmiotti, Giuseppe},
  booktitle={M and C+ SNA 2007},
  year={2007}
}

@article{lottes2005hybrid,
  title={Hybrid multigrid/Schwarz algorithms for the spectral element method},
  author={Lottes, James W and Fischer, Paul F},
  journal={Journal of Scientific Computing},
  volume={24},
  number={1},
  pages={45--78},
  year={2005},
  publisher={Springer}
}

@book{stuck2012adjoint,
  title={Adjoint Navier-Stokes methods for hydrodynamic shape optimisation},
  author={St{\"u}ck, Arthur and others},
  year={2012}
}

@techreport{argonne:nekdoc,
  author={Paul Fischer and James Lottes and Stefan Kerkemeier and Oana Marin and Katherine
  Heisey and Aleks Obabko and Elia Merzari and Yulia Peet},
  title={{Nek5000: User's manual}},
  institution={Argonne National Laboratory},
  year={2015},
  number={ANL/MCS-TM-351}
}

@incollection{peplinski2014stability,
  title={Stability tools for the spectral-element code Nek5000: Application to Jet-in-Crossflow},
  author={Peplinski, Adam and Schlatter, Philipp and Fischer, PF and Henningson, Dan S},
  booktitle={Spectral and High Order Methods for Partial Differential Equations-ICOSAHOM 2012},
  pages={349--359},
  year={2014},
  publisher={Springer}
}

@article{griewank1992achieving,
  title={Achieving logarithmic growth of temporal and spatial complexity in reverse automatic differentiation},
  author={Griewank, Andreas},
  journal={Optimization Methods and software},
  volume={1},
  number={1},
  pages={35--54},
  year={1992},
  publisher={Taylor \& Francis}
}

@inproceedings{Pointer2009,
  title={Simulations of turbulent diffusion in wire-wrapped sodium fast reactor fuel assemblies},
  author={Pointer, WD and Fischer, P and Smith, J and Obabko, A and Siegel, A},
  booktitle={International Conference on Fast Reactors and Related Fuel Cycles: Challenges and Opportunities},
  year={2009}
}

@misc{libxsmm_github,
  author = {Pabst, H.},
  title = {{LIBXSMM}},
  year = {2016},
  publisher = {GitHub},
  journal = {GitHub repository},
  howpublished = {\url{https://github.com/hfp/libxsmm}}
}

@article{otten2016,
  title={{An MPI/OpenACC implementation of a high order electromagnetics solver
  with GPUDirect communication}},
  author = {Otten, M. and others},
  journal = {International Journal of High Performance Computing},
  year={2016}
}

@article{markidis2015openacc,
  title={{OpenACC acceleration of the Nek5000 spectral element code}},
    author={Markidis, S. and others},
      journal={International Journal of High Performance Computing Applications},
      year={2015},
  volume    = {29},
  number    = {3},
  pages     = {311--319},
  year      = {2015},
            publisher={SAGE Publications}
}

@article{doolaard15,
author = {H.J. Doolaard and A. Shams and F. Roelofs and K. Van Tichelen and S. Keijers
and J. De Ridder and J. Degroote and J. Vierendeels and I. Di Piazza
and E. Merzari and A. Obabko and P. Fischer},
title = {{CFD} BENCHMARK FOR A HEAVY LIQUID METAL FUEL ASSEMBLY},
journal = {NURETH-16 Paper},
volume = {22944},
issue = {August 30--September 4},
year = {2015},
pages = {},
}

@article{Max2016,
author={{Hutchinson {\emph{et al.}}}, Maxwell},
title={Efficiency of High Order Spectral Element Methods on Petascale Architectures},
journal={Proceedings of the International Supercomputing Conference, (ISC'16)},
address={Frankfurt, Germany},
year={2016}
}

@article{utke2008openad,
  title={{OpenAD/F}: A modular open-source tool for automatic differentiation of
    {Fortran} codes},
  author={Utke, Jean and Naumann, Uwe and Fagan, Mike and Tallent, Nathan
    and Strout, Michelle and Heimbach, Patrick and Hill, Chris and Wunsch,
    Carl},
  journal={ACM Transactions on Mathematical Software (TOMS)},
  volume={34},
  number={4},
  pages={18},
  year={2008},
  publisher={ACM}
}

@article{goldberg2016optimized,
  title={An optimized treatment for algorithmic differentiation of an
    important glaciological fixed-point problem},
  author={Goldberg, Daniel N and Narayanan, Sri Hari Krishna and Hascoet,
    Laurent and Utke, Jean},
  journal={Geoscientific Model Development},
  volume={9},
  number={5},
  pages={1891--1904},
  year={2016},
  publisher={Copernicus GmbH}
}

@article{Schanen20161147,
  title = "Asynchronous Two-level Checkpointing Scheme for Large-scale Adjoints
    in the Spectral-element Solver {Nek5000} ",
  journal = "Procedia Computer Science ",
  volume = "80",
  number = "",
  pages = "1147 - 1158",
  year = "2016",
  note = "International Conference on Computational Science 2016, \{ICCS\} 2016,
  6-8 June 2016, San Diego, California, \{USA\} ",
  issn = "1877-0509",
  doi = "http://dx.doi.org/10.1016/j.procs.2016.05.444",
  url = "http://www.sciencedirect.com/science/article/pii/S1877050916309267",
  author = "Michel Schanen and Oana Marin and Hong Zhang and Mihai Anitescu",
  keywords = "Two-Level Checkpointing",
  keywords = "Adjoints",
  keywords = "Gradient",
  keywords = "Large Scale",
  keywords = "Nek5000",
  keywords = "CFD "
}

@InProceedings{ matthew_rocklin-proc-scipy-2015,
  author    = { Matthew Rocklin },
  title     = { Dask: Parallel Computation with Blocked algorithms and Task Scheduling },
  booktitle = { Proceedings of the 14th Python in Science Conference },
  pages     = { 130 - 136 },
  year      = { 2015 },
  editor    = { Kathryn Huff and James Bergstra }
}

@article{ousterhoutparallel,
  title={PARALLEL SCRIPTING FOR APPLICATIONS AT THE PETASCALE AND BEYOND},
  author={Ousterhout, John}
}

@InCollection{VisIt,
author = {Hank Childs and Eric Brugger and Brad Whitlock and Jeremy Meredith and Sean Ahern and David Pugmire and Kathleen Biagas and Mark Miller and Cyrus Harrison and Gunther H. Weber and Hari Krishnan and Thomas Fogal and Allen Sanderson and Christoph Garth and E. Wes Bethel and David Camp and Oliver R\"{u}bel and Marc Durant and Jean M. Favre and Paul Navr\'{a}til},
title = {{VisIt: An End-User Tool For Visualizing and Analyzing Very Large Data}},
year = "2012",
pages = "357-372",
month = "Oct",
booktitle = {{High Performance Visualization--Enabling Extreme-Scale Scientific Insight}},
}

@article{Romano2015,
title = "{OpenMC}: A state-of-the-art {Monte} {Carlo} code for research and development",
journal = "Ann. Nucl. Energy",
volume = "82",
pages = "90--97",
year = "2015",
issn = "0306-4549",
doi = "https://doi.org/10.1016/j.anucene.2014.07.048",
url = "http://www.sciencedirect.com/science/article/pii/S030645491400379X",
author = "Paul K. Romano and Nicholas E. Horelik and Bryan R. Herman and Adam G. Nelson and Benoit Forget and Kord Smith",
keywords = "Monte Carlo, Neutron transport, OpenMC, Parallel, XML, HDF5"
}

@article{Romano2012a,
author = {Paul K. Romano and Benoit Forget},
title = {Parallel Fission Bank Algorithms in {Monte} {Carlo} Criticality Calculations},
journal = {Nucl. Sci. Eng.},
volume = {170},
number = {2},
pages = {125-135},
year  = {2012},
publisher = {Taylor & Francis},
doi = {10.13182/NSE10-98},
URL = { https://doi.org/10.13182/NSE10-98 },
eprint = { https://doi.org/10.13182/NSE10-98 }
}


@article{Romano2012b,
author = {Romano, Paul and Forget, Benoit},
year = {2012},
pages = {519-522},
title = {Reducing parallel communication in {Monte} {Carlo} simulations via batch statistics},
volume = {107},
journal = {Trans. Am. Nucl. Soc.}
}

@article{walker2014accurate,
  title={Accurate prediction of the wall shear stress in rod bundles with the spectral element method at high Reynolds numbers},
  author={Walker, Justin and Merzari, Elia and Obabko, Aleksandr and Fischer, Paul and Siegel, Andrew},
  journal={International journal of heat and fluid flow},
  volume={50},
  pages={287--299},
  year={2014},
  publisher={Elsevier}
}

@article{merzari2016benchmark,
  title={Benchmark exercise for fluid flow simulations in a liquid metal fast reactor fuel assembly},
  author={Merzari, Elia and Fischer, Paul and Yuan, H and Van Tichelen, Katrien and Keijers, Steven and De Ridder, Jeroen and Degroote, Joris and Vierendeels, Jan and Doolaard, Heleen and Gopala, VR and others},
  journal={Nuclear Engineering and Design},
  volume={298},
  pages={218--228},
  year={2016},


  publisher={Elsevier}
}

@article{merzari2020toward,
  title={Toward exascale: overview of large eddy simulations and direct numerical simulations of nuclear reactor flows with the spectral element method in Nek5000},
  author={Merzari, Elia and Fischer, Paul and Min, Misun and Kerkemeier, Stefan and Obabko, Aleksandr and Shaver, Dillon and Yuan, Haomin and Yu, Yiqi and Martinez, Javier and Brockmeyer, Landon and others},
  journal={Nuclear Technology},
  volume={206},
  number={9},
  pages={1308--1324},
  year={2020},
  publisher={Taylor \& Francis}
}

@article{yildiz2020direct,
  title={Direct numerical simulation of the flow through a randomly packed pebble bed},
  author={Yildiz, Mustafa Alper and Botha, Gerrit and Yuan, Haomin and Merzari, Elia and Kurwitz, Richard C and Hassan, Yassin A},
  journal={Journal of Fluids Engineering},
  volume={142},
  number={4},
  year={2020},
  publisher={American Society of Mechanical Engineers Digital Collection}
}

@article{merzari2021cardinal,
  title={Cardinal: A Lower Length-Scale Multiphysics Simulator for Pebble-Bed Reactors},
  author={Merzari, Elia and Yuan, Haomin and Min, Misun and Shaver, Dillon and Rahaman, Ronald and Shriwise, Patrick and Romano, Paul and Talamo, Alberto and Lan, Yu-Hsiang and Gaston, Derek and others},
  journal={Nuclear Technology},
  pages={1--23},
  year={2021},
  publisher={Taylor \& Francis}
}

@article{lomperski2017jet,
  title={Jet stability and wall impingement flow field in a thermal striping experiment},
  author={Lomperski, S and Obabko, A and Merzari, Elia and Fischer, P and Pointer, William D},
  journal={International Journal of Heat and Mass Transfer},
  volume={115},
  pages={1125--1136},
  year={2017},
  publisher={Elsevier}
}

@techreport{obabko2011cfd,
  title={CFD validation in OECD/NEA t-junction benchmark.},
  author={Obabko, AV and Fischer, PF and Tautges, TJ and Karabasov, S and Goloviznin, VM and Zaytsev, MA and Chudanov, VV and Pervichko, VA and Aksenova, AE},
  year={2011},
  institution={Argonne National Lab.(ANL), Argonne, IL (United States)}
}

@article{Rintala2015,
title = "Modeling of realistic pebble bed reactor geometries using the {Serpent} {Monte} {Carlo} code",
journal = "Ann. Nucl. Energy",
volume = "77",
pages = "223--230",
year = "2015",
issn = "0306-4549",
doi = "https://doi.org/10.1016/j.anucene.2014.11.018",
url = "http://www.sciencedirect.com/science/article/pii/S0306454914006008",
author = "Ville Rintala and Heikki Suikkanen and Jaakko Lepp{\"{a}}nen and Riitta Kyrki-Rajam{\"{a}}ki",
keywords = "High temperature reactor, Pebble bed reactor, Reactor physics, Monte Carlo, Discrete element method"
}

@inproceedings{Stauff2017,
  title={VERIFICATION OF MIXED STOCHASTIC/DETERMINISTIC APPROACH FOR FAST AND THERMAL REACTOR ANALYSIS},
  author={Nicolas E. Stauff and Changho Lee and Paul K. Romano and Taek K. Kim},
  booktitle={Proceedings of ICAPP},
  year={2017}
}

@inproceedings{Hoogenboom2011,
author = {Hoogenboom, Jan and Martin, William and Petrovic, Bojan},
year = {2011},
title = {THE MONTE CARLO PERFORMANCE BENCHMARK TEST - AIMS, SPECIFICATIONS AND FIRST RESULTS},
booktitle={Int. Conf. on Mathematics and Computational Methods Applied to Nuclear Science and Engineering}
}

@Article{gaston08,
  author = {D.~R.~Gaston and C.~Newman and G.~Hansen and D.~Lebrun-Grandi\'e},
  journal = {Nuclear Engineering Design},
  Pages = {1768--1778},
  title = {{MOOSE}: A parallel computational framework for coupled systems of nonlinear equations},
  volume = 239,
  year = 2009,
  note = {\url{http://dx.doi.org/10.1016/j.nucengdes.2009.05.021}}
}

@Article{Williamson2012,
  author = {R.~L.~Williamson and J.~D.~Hales and S.~R.~Novascone and M.~R.~Tonks and D.~R.~Gaston and C.~J.~Permann and D.~Andr\v{s} and R.~C.~Martineau},
  journal = {Journal of Nuclear Materials},
  Pages = {149--163},
  title = {Multidimensional Multiphysics Simulation of Nuclear Fuel Behavior},
  volume = 423,
  year = 2012,
  number = {1--3},
  month = apr,
  note = {\url{http://dx.doi.org/10.1016/j.jnucmat.2012.01.012}}
}

@article{perez2013assessment,
  title={Assessment of BISON: A nuclear fuel performance analysis code},
  author={Perez, Danielle M and Williamson, RL and Novascone, SR and Pastore, G and Hales, J and Spencer, BW},
  journal={Idaho National Laboratory, Idaho Falls},
  year={2013}
}



@article{hales2014verification,
  title={Verification of the BISON fuel performance code},
  author={Hales, JD and Novascone, SR and Spencer, BW and Williamson, RL and Pastore, G and Perez, DM},
  journal={Annals of Nuclear Energy},
  volume={71},
  pages={81--90},
  year={2014},
  publisher={Elsevier}
}

@techreport{williamson2014bison,
  title={BISON Software V\&V Plan},
  author={Williamson, RL and Hales, JD and Perez, DM and Novascone, SR and Pastore, G},
  year={2014},
  institution={Idaho National Laboratory (INL)}
}

@article{slaughter2015continuous,
  title={Continuous integration for concurrent MOOSE framework and application development on GitHub},
  author={Slaughter, Andrew E and Peterson, John W and Gaston, Derek R and Permann, Cody J and Andr{\v{s}}, David and Miller, Jason M},
  journal={Journal of Open Research Software},
  volume={3},
  number={1},
  year={2015},
  publisher={Ubiquity Press}
}

@article{hales2013triso,
  title={Multidimensional multiphysics simulation of TRISO particle fuel},
  author={Hales, JD and Williamson, RL and Novascone, SR and Perez, DM and Spencer, BW and Pastore, G},
  journal={Journal of Nuclear Materials},
  volume={443},
  number={1-3},
  pages={531--543},
  year={2013},
  publisher={Elsevier}
}

@inproceedings{gaston2013massive,
  title={Massive hybrid parallelism for fully implicit multiphysics},
  author={Gaston, Derek R and Permann, Cody J and Andrs, David and Peterson, John W},
  booktitle={Proceedings of the International Conference on Mathematics and Computational Methods Applied to Nuclear Science \& Engineering (M\&C 2013).< http://www. inl. gov/technicalpublications/Documents/5864439. pdf},
  year={2013}
}

@article{wang2020,
author = "Wang, Dianle and Changhong Peng and Yun Guo",
title = "Thermal-Hydraulic Analysis of a 7-Pin Sodium-Cooled Fast Reactor Wire-Wrapped Fuel Bundle",
journal = "Int. J. Heat and Mass Transfer",
volume = "160",
pages = "120178",
year = "2020"}

@InProceedings{fanning,
  author     = {Fanning, Tom and David Pointer and Justin Thomas},
  title      = {{Multi-Resolution Modeling of Subassembly Pin Bundles for Advanced Fast Reactor Safety Simulations}},
  booktitle  = {{Proceedings of Math\&Computation}},
  year       = 2009
}

@article{wang2020b,
author = "Wang, Yingjie and Mingjun Wang and Haoran Ju and Minfu Zhao and Dalin Zhang and Wenxi Tian and Tiancai Liu and Suizheng Qiu and G.H. Su",
title = "{CFD} Simulation of Flow and Heat Transfer Characteristics in a 5x5 Fuel Rod Bundles with Spacer Grids of Advanced {PWR}",
journal = "Nuclear Eng. and Technology",
volume = "52",
pages = "1386--1395",
year = "2020"}

@Article{hu2013,
   author = "Rui Hu and Fanning, Tom",
    title = {{A Momentum Source Model for Wire-Wrapped Rod Bundles: Concept, Validation, and Application}},
  journal = {Nuclear Engineering and Design},
     year = 2013,
   volume = 262,
    pages = {371--389}
}

@techreport{blyth,
   author = "Blyth, Taylor and Maria Avramova",
   title = "Development and Implementation of {CFD}-Informed Models for Advanced Subchannel Code {CTF}",
   institution = "Pennsylvania State University",
   note = "Dept. Energy, Research Report",
   number = "CASL-U-2017-1308-000",
   year = "2017"}

@Article{wang2020c,
   author = {X.A. Wang and D. Zhang and M. Wang and P. Song and S. Wang and Y. Liang and Y. Zhang and W. Tian and S. Qiu and G.H. Su},
    title = {{Hybrid Medium Model for Conjugate Heat Transfer Modeling in the Core of Sodium-Cooled Fast Reactor}},
  journal = {Nuclear Engineering and Technology},
     year = 2020,
   volume = 52,
    pages = {708--720}
}

@techreport{abr,
   author ="J. Cahalan et al.",
   title = "Advanced Burner Reactor 1000{MW}th Reference Concept",
   institution = "ANL",
   year = "2007",
   number = "ANL-AFCI-202"}


@Article{baumer,
  author = {R. B{\"a}umer and I. Kalinowski and E. R{\"o}hler and J. Sch{\"o}ning and W. Wachholz},
  title = {Construction and Operating Experience with the 300-{MW} {THTR} Nuclear Power Plant},
  journal = {Nuclear Engineering and Design},
  volume = {121},
  pages = {155--166},
  year = {1990}
}

@InProceedings{brittan,
  title       = {{Analysis of the {EBR-I} Core Meltdown}},
  author     = {R.O. Brittan},
  booktitle  = {{Second United Nations International Conference on the Peaceful Uses of Atomic Energy}},
  month      = jun,
  year       = 1958
}

@InProceedings{chaumont,
  author     = {J.M. Chaumont and D. Goux and L. Martin},
  title      = {{Some Safety Related Characteristics of {Ph{\'e}nix}, a 250 {MWe} Fast Reactor: 1989 and 1990 Negative Reactivity Trip Investigations}},
  booktitle  = {{International Conference on Design and Safety of Advanced Nuclear Power Plants}},
  month      = oct,
  year       = 1992
}

@Article{shields,
   author = {J.A. Shields, Jr.},
    title = {{Bowing in {Experimental} {Breeder} {Reactor} {II} Reflector Subassemblies}},
  journal = {Nuclear Technology},
     year = 1981,
   volume = 52,
    pages = {214--227},
}

@Article{touran,
   author = {N.W. Touran and J. Gilleland and G.T. Malmgren and C. Whitmer and W.H. Gates III},
    title = {{Computational Tools for the Integrated Design of Advanced Nuclear Reactors}},
  journal = {Engineering},
     year = 2017,
   volume = 3,
    pages = {518--526},
}

@Article{fiorina_of,
   author = {C. Fiorina and I. Clifford and M. Aufiero and K. Mikityuk},
    title = {{{Gen-Foam}: A Novel {OpenFOAM} Based Multi-Physics Solver for {2D/3D} Transient Analysis of Nuclear Reactors}},
  journal = {Nuclear Engineering and Design},
     year = 2015,
   volume = 294,
    pages = {24--37}
}

@inproceedings{gerschenfeld,
   author = {A. Gerschenfeld and S. Li and Y. Gorsse and R. Lavastre},
  title       = {{Development and Validation of Multi-Scale Thermal-Hydraulics Calculation Schemes for {SFR} Applications at {CEA}}},
booktitle = {International Conference on Fast Reactors and Related Fuel Cycles},
     year = 2017
}

@Misc{ardp_tp,
author = {{Department of Energy, Office of Nuclear Energy}},
title = {{U.S. Department of Energy} Announces \$160 Million in First Awards Under {Advanced Reactor Demonstration Program}},
howpublished = {\textsc{url:}~\url{https://tinyurl.com/a4cc5sk6}},
month = {10},
year = {2020}
}

@techreport{schlissel,
  title={Nuclear Power Plant Construction Costs},
  author={D. Schlissel and B. Biewald},
  year={2008},
  institution={Synapse Energy Economics, Inc.}
}

@TechReport{wozniak,
  author      = {N. Wozniak and E.R. Shemon and J.J. Grudzinski},
  title       = {{Review of Tools for Modeling Core Radial Expansion in Liquid Metal-Cooled Fast Reactors}},
  institution = {Nuclear Science and Engineering Division, Argonne National Laboratory},
  year        = {2020},
  number      = {ANL/NSE-20/41}
}

@Article{chang_2017,
   author = {S. Chang and D. Euk and S. Kim and H.S. Choi and H. Kim and Y.J. Ko and S.R. Choi and H. Lee},
    title = {{Experimental Study of the Flow Characteristics in an {SFR} Type 61-Pin Rod Bundle Using Iso-Kinetic Sampling Method}},
  journal = {Annals of Nuclear Energy},
     year = 2017,
   volume = 106
}

@Article{goth,
   author = {N. Goth and P. Jones and T.D. Nguyen and R. Vaghetto and Y. Hassan and N. Salpeter and E. Merzari},
    title = {{{PTV}/{PIV} Measurements of Turbulent Flows in Interior Subchannels of a 61-Pin Wire-Wrapped Hexagonal Fuel Bundle}},
  journal = {International Journal of Heat and Fluid Flow},
     year = 2018,
   volume = 71
}

@Article{song_2020,
   author = {M.S. Song and J. Jeong and E.S. Kim},
    title = {{Flow Visualization on SFR Wire-Wrapped 19-Pin Bundle Geometry Using {MIR}-{PIV}-{PLIF} and Comparisons with {RANS}-Based {CFD} Analysis}},
  journal = {Annals of Nuclear Energy},
     year = 2020,
   volume = 147
}

@Article{martin2020,
   author = {M. Martin and D. Leonard and B. Jackson and M. Steer},
    title = {{{CFD} Verification and Validation of Wire-Wrapped Pin Assemblies}},
  journal = {Nuclear Technology},
     year = 2020,
   volume = 206,
    pages = {1325--1336}
}

@Article{lum,
   author = {E. Lum and C.L. Pope},
    title = {{Simulation of the Fast Reactor Fuel Assembly Duct-Bowing Reactivity Effect Using Monte Carlo Neutron Transport and Finite Element Analysis}},
  journal = {Nuclear Technology},
     year = 2021,
   volume = 207,
    pages = {761--770}
}

@article{Kim2020,
author = {Kim, Mun Soo and Jeong, Yong Hoon},
issn = {1738-5733},
journal = {Nuclear Engineering and Technology},
keywords = {Boron-free SMR,Conceptual design,Flow skirt,Internal flow analysis,Natural circulation,Small modular reactor (SMR)},
number = {12},
pages = {2743--2759},
title = {{Conceptual design of small modular reactor driven by natural circulation and study of design characteristics using CFD & RELAP5 code}},
volume = {52},
year = {2020}
}

@article{Fang2021,
author = {Fang, Jun and Shaver, Dillon R. and Min, Misun and Fischer, Paul and Lan, Yu-Hsiang and Rahaman, Ronald and Romano, Paul and Benhamadouche, Sofiane and Hassan, Yassin A. and Kraus, Adam and Merzari, Elia},
journal = {Nuclear Engineering and Design},
title = {{Feasibility of Full-Core Pin Resolved CFD Simulations of Small Modular Reactor with Momentum Sources}},
volume = {378},
year = {2021}
}

